@misc{fei,
  author = {{Image Processing Laboratory, Department of Electrical Engineering,
    Centro Universitario da FEI}},
  title = {{FEI Face Database}},
  year = 2006,
  url = "http://fei.edu.br/~cet/facedatabase.html",
}

@misc{lfw,
  author = {{University of Massachusetts}},
  title = {{Labeled Faces in the Wild}},
  url = "http://vis-www.cs.umass.edu/lfw/",
}

